@article{kornilov-2007,
	author = {Kornilov, V. and Tokovinin, A. and Shatsky, N. and Voziakova, O. and Potanin, S. and Safonov, B.},
	journal = {Monthly Notices of the Royal Astronomical Society},
	month = {11},
	number = {3},
	pages = {1268--1278},
	title = {{Combined MASS-DIMM instruments for atmospheric turbulence studies}},
	volume = {382},
	year = {2007},
	doi = {10.1111/j.1365-2966.2007.12467.x},
	url = {https://doi.org/10.1111/j.1365-2966.2007.12467.x},
}
@article{palenzuela-2009,
	author = {Palenzuela, Carlos and Lehner, Luis and Reula, Oscar and Rezzolla, Luciano},
	journal = {Monthly Notices of the Royal Astronomical Society},
	month = {3},
	number = {4},
	pages = {1727--1740},
	title = {{Beyond ideal MHD: towards a more realistic modelling of relativistic astrophysical plasmas}},
	volume = {394},
	year = {2009},
	doi = {10.1111/j.1365-2966.2009.14454.x},
	url = {https://doi.org/10.1111/j.1365-2966.2009.14454.x},
}
@article{wang-2009,
	author = {Wang, Li and Mavriplis, Dimitri J.},
	journal = {Journal of Computational Physics},
	month = {7},
	number = {20},
	pages = {7643--7661},
	title = {{Adjoint-based h–p adaptive discontinuous Galerkin methods for the 2D compressible Euler equations}},
	volume = {228},
	year = {2009},
	doi = {10.1016/j.jcp.2009.07.012},
	url = {https://doi.org/10.1016/j.jcp.2009.07.012},
}
@article{vignolo-2002,
	author = {Vignolo, P. and Chiofalo, M.L. and Tosi, M.P. and Succi, Sauro},
	journal = {Journal of Computational Physics},
	month = {11},
	number = {2},
	pages = {368--391},
	title = {{Explicit Finite-Difference and Particle Method for the Dynamics of Mixed Bose-Condensate and Cold-Atom Clouds}},
	volume = {182},
	year = {2002},
	doi = {10.1006/jcph.2002.7171},
	url = {https://doi.org/10.1006/jcph.2002.7171},
}
@article{takamoto-2011,
	author = {Takamoto, Makoto and Inoue, Tsuyoshi},
	journal = {The Astrophysical Journal},
	month = {6},
	number = {2},
	pages = {113},
	title = {{A NEW NUMERICAL SCHEME FOR RESISTIVE RELATIVISTIC MAGNETOHYDRODYNAMICS USING METHOD OF CHARACTERISTICS}},
	volume = {735},
	year = {2011},
	doi = {10.1088/0004-637x/735/2/113},
	url = {https://doi.org/10.1088/0004-637x/735/2/113},
}
@article{harten-1983,
	author = {Harten, Amiram and Lax, Peter D. and Van Leer, Bram},
	journal = {SIAM Review},
	month = {1},
	number = {1},
	pages = {35--61},
	title = {{On Upstream Differencing and Godunov-Type Schemes for Hyperbolic Conservation Laws}},
	volume = {25},
	year = {1983},
	doi = {10.1137/1025002},
	url = {https://doi.org/10.1137/1025002},
}
@article{werner-2006,
	author = {Werner, M. C. and Evans, N. W.},
	journal = {Monthly Notices of the Royal Astronomical Society},
	month = {4},
	number = {3},
	pages = {1362--1368},
	title = {{A simple model for lensing by black holes in galactic nuclei}},
	volume = {368},
	year = {2006},
	doi = {10.1111/j.1365-2966.2006.10230.x},
	url = {https://doi.org/10.1111/j.1365-2966.2006.10230.x},
}
@article{miranda-aranguren-2018,
	author = {Miranda-Aranguren, S and Aloy, M A and Rembiasz, T},
	journal = {Monthly Notices of the Royal Astronomical Society},
	month = {2},
	number = {3},
	pages = {3837--3860},
	title = {{An HLLC Riemann solver for resistive relativistic magnetohydrodynamics}},
	volume = {476},
	year = {2018},
	doi = {10.1093/mnras/sty419},
	url = {https://doi.org/10.1093/mnras/sty419},
}
@article{macke-1963,
	author = {Macke, W.},
	journal = {ZAMM ‐ Journal of Applied Mathematics and Mechanics / Zeitschrift für Angewandte Mathematik und Mechanik},
	month = {1},
	number = {6},
	pages = {291},
	title = {{A. Ramakrishnan, Elementary Particles and Cosmic Rays. XIV + 567 S. m. 75 Abb. Oxford/London/New York/Paris 1962. Pergamon Press. Preis geb. £ 5 net}},
	volume = {43},
	year = {1963},
	doi = {10.1002/zamm.19630430623},
	url = {https://doi.org/10.1002/zamm.19630430623},
}
@article{osmanov-2008,
	author = {Osmanov, Z. and Mignone, A. and Massaglia, S. and Bodo, G. and Ferrari, A.},
	journal = {Astronomy and Astrophysics},
	month = {9},
	number = {2},
	pages = {493--500},
	title = {{On the linear theory of Kelvin-Helmholtz instabilities of relativistic magnetohydrodynamic planar flows}},
	volume = {490},
	year = {2008},
	doi = {10.1051/0004-6361:200809605},
	url = {https://doi.org/10.1051/0004-6361:200809605},
}
@article{pimentel-2019,
	author = {Pimentel, Oscar M and Lora-Clavijo, Fabio D},
	journal = {Monthly Notices of the Royal Astronomical Society},
	month = {10},
	number = {3},
	pages = {4183--4193},
	title = {{On the linear and non-linear evolution of the relativistic MHD Kelvin–Helmholtz instability in a magnetically polarized fluid}},
	volume = {490},
	year = {2019},
	doi = {10.1093/mnras/stz2750},
	url = {https://doi.org/10.1093/mnras/stz2750},
}
@article{strickman-1996,
	author = {Strickman, M. S. and Grove, J. E. and Johnson, W. N. and Kinzer, R. I. and Kroeger, R. A. and Kurfess, J. D. and Grabelsky, D. A. and Matz, S. M. and Purcell, W. R. and Ulmer, M. P. and Jung, G. V.},
	journal = {The Astrophysical Journal},
	month = {4},
	pages = {735},
	title = {{OSSE Observations of the VELA and Geminga Pulsars}},
	volume = {460},
	year = {1996},
	doi = {10.1086/177006},
	url = {https://doi.org/10.1086/177006},
}
@article{grebenev-2012,
	author = {Grebenev, S. A. and Lutovinov, A. A. and Tsygankov, S. S. and Mereminskiy, I. A.},
	journal = {Monthly Notices of the Royal Astronomical Society},
	month = {10},
	number = {1},
	pages = {50--57},
	title = {{Deep hard X-ray survey of the Large Magellanic Cloud}},
	volume = {428},
	year = {2012},
	doi = {10.1093/mnras/sts008},
	url = {https://doi.org/10.1093/mnras/sts008},
}
@book{rezzolla-2013,
	author = {Rezzolla, Luciano and Zanotti, Olindo},
	month = {9},
	publisher = {Oxford University Press, USA},
	title = {{Relativistic hydrodynamics}},
	year = {2013},
}
@book{goedbloed-2004A,
	author = {Goedbloed, J. P. Hans and Poedts, Stefaan},
	month = {8},
	publisher = {Cambridge University Press},
	title = {{Principles of Magnetohydrodynamics}},
	year = {2004},
}
@book{goedbloed-2004B,
	author = {Goedbloed, J. P. Hans and Poedts, Stefaan},
	month = {8},
	publisher = {Cambridge University Press},
	title = {{Principles of Magnetohydrodynamics}},
	year = {2004},
}
@book{acheson-1990,
	author = {Acheson, D. J.},
	month = {3},
	publisher = {Oxford University Press},
	title = {{Elementary fluid dynamics}},
	year = {1990},
}
